<record><leader>00000cas a22000007a 4500</leader><controlfield tag="001">10196296</controlfield><controlfield tag="008">831207d18731874paudn ne      0    0eng d</controlfield><datafield ind1=" " ind2=" " tag="010"><subfield code="a">sn 83032174 </subfield></datafield><datafield ind1=" " ind2=" " tag="040"><subfield code="a">NPU</subfield><subfield code="b">eng</subfield><subfield code="c">NPU</subfield><subfield code="d">NPH</subfield><subfield code="d">OCLCQ</subfield></datafield><datafield ind1=" " ind2=" " tag="042"><subfield code="a">msc</subfield></datafield><datafield ind1="0" ind2="0" tag="245"><subfield code="a">Daily evening mercury.</subfield></datafield><datafield ind1="1" ind2="3" tag="246"><subfield code="a">Evening mercury</subfield></datafield><datafield ind1=" " ind2=" " tag="260"><subfield code="a">Harrisburg, Pa. :</subfield><subfield code="b">Daily Evening Mercury Pub. Co.,</subfield><subfield code="c">1873-</subfield></datafield><datafield ind1=" " ind2=" " tag="300"><subfield code="a">v. ;</subfield><subfield code="c">54 cm.</subfield></datafield><datafield ind1=" " ind2=" " tag="310"><subfield code="a">Daily (except Sun.)</subfield></datafield><datafield ind1="0" ind2=" " tag="362"><subfield code="a">Vol. 4, no. 520 (Aug. 1, 1873)-</subfield></datafield><datafield ind1="1" ind2=" " tag="362"><subfield code="a">Ceased in 1874.</subfield><subfield code="z">Cf. Salisbury, R., Penn. newspapers, 1969.</subfield></datafield><datafield ind1=" " ind2=" " tag="500"><subfield code="a">Publisher: S.O. Thomas &amp; J.L. Ettla, &lt;1873&gt;.</subfield></datafield><datafield ind1=" " ind2=" " tag="500"><subfield code="a">"Daily" appears above masthead ornament.</subfield></datafield><datafield ind1=" " ind2=" " tag="752"><subfield code="a">United States</subfield><subfield code="b">Pennsylvania</subfield><subfield code="c">Dauphin</subfield><subfield code="d">Harrisburg.</subfield></datafield><datafield ind1="0" ind2="0" tag="780"><subfield code="t">Evening mercury (Harrisburg, Pa.)</subfield><subfield code="w">(DLC)sn 90069204</subfield></datafield></record>